@inproceedings{WAL,
    title={Aries: A Transaction Recovery Method Supporting Fine-Granularity Locking and Partial Rollbacks Using Write Ahead Loggin},
    author={C. Mohan et al.},
    booktitle={ACM Transactions on Database Systems},
    pages={94-162},
    year={1992}
}

@inproceedings{transaction,
    title={Eliminating unscalable communication in transaction processing},
    author={Ryan Johnson, Ippokratis Pandis, Anastasia Ailamaki},
    booktitle={The International Journal on Very Large Data Bases},
    pages={1-23},
    year={2014}
}

@misc{BerkeleyDB,
    author = {{}},
    title = {{}},
    howpublished = {\url{}}
}

@misc{InnoDBUndo,
    author = {{MySQL 5.7 Reference Manual}},
    title = {{14.4.8 Undo Logs}},
    howpublished = {\url{https://dev.mysql.com/doc/refman/5.7/en/innodb-undo-logs.html}}
}

@misc{InnoDBRedo,
    author = {{MySQL 5.7 Reference Manual}},
    title = {{14.4.13 Redo Log}},
    howpublished = {\url{https://dev.mysql.com/doc/refman/5.7/en/innodb-redo-log.html}}
}

@misc{InnoDBpoint,
    author = {{MySQL 5.7 Reference Manual}},
    title = {14.18.2 InnoDB Recovery},
    howpublished = {\url{https://dev.mysql.com/doc/refman/5.7/en/innodb-recovery.html}}
}

@misc{Postgrespoint,
    author = {{PostgreSQL Global Development Group}},
    title = {Continuous Archiving and Point-in-Time Recovery (PITR)},
    howpublished = {\url{https://postgresql.org/docs/9.4/static/continuous-archiving.html}}
}

@misc{SQLiteLog,
    author = {{SQLite Project}},
    title = {{Write-Ahead Logging}},
    howpublished = {\url{https://sqlite.org/wal.html}}
}
